@article{vsavskova2013vsachy,
  title={{\v{S}}achy-od volno{\v{c}}asov{\'e} aktivity k vyu{\v{c}}ovac{\'\i}mu p{\v{r}}edm{\v{e}}tu},
  author={{\v{S}}a{\v{s}}kov{\'a}, Marta},
  year={2013},
  publisher={Jiho{\v{c}}esk{\'a} univerzita}
}